@book{book1,
  author    = {John Doe},
  title     = {Example Book},
  year      = {2020},
  publisher = {Example Publisher}
}

@article{article1,
  author  = {Jane Smith},
  title   = {Example Article},
  journal = {Example Journal},
  year    = {2019},
  volume  = {12},
  number  = {3},
  pages   = {45-67}
}